<marc:collection xmlns:marc="http://www.loc.gov/MARC21/slim" xmlns:xsi="http://www.w3.org/2001/XMLSchema-instance" xsi:schemaLocation="http://www.loc.gov/MARC21/slim http://www.loc.gov/standards/marcxml/schema/MARC21slim.xsd">
    <marc:record type="Bibliographic">
        <marc:leader>02100cea a2200397 a 4500</marc:leader>
        <marc:controlfield tag="001">5838787</marc:controlfield>
        <marc:controlfield tag="005">20090904085114.0</marc:controlfield>
        <marc:controlfield tag="007">aj aanzn</marc:controlfield>
        <marc:controlfield tag="008">011127s1876    dcubg     a  f  0   eng d</marc:controlfield>
        <marc:datafield tag="040" ind1=" " ind2=" ">
            <marc:subfield code="a">NjP</marc:subfield>
            <marc:subfield code="c">NjP</marc:subfield>
        </marc:datafield>
        <marc:datafield tag="034" ind1="1" ind2=" ">
            <marc:subfield code="a">a</marc:subfield>
            <marc:subfield code="b">253440</marc:subfield>
            <marc:subfield code="d">W1104400</marc:subfield>
            <marc:subfield code="e">W1073400</marc:subfield>
            <marc:subfield code="f">N0415000</marc:subfield>
            <marc:subfield code="g">N0401700</marc:subfield>
        </marc:datafield>
        <marc:datafield tag="043" ind1=" " ind2=" ">
            <marc:subfield code="a">n-us-wy</marc:subfield>
            <marc:subfield code="a">n-us-ut</marc:subfield>
            <marc:subfield code="a">n-us-co</marc:subfield>
        </marc:datafield>
        <marc:datafield tag="110" ind1="1" ind2=" ">
            <marc:subfield code="a">United States.</marc:subfield>
            <marc:subfield code="b">Geological Exploration of the Fortieth Parallel.</marc:subfield>
        </marc:datafield>
        <marc:datafield tag="245" ind1="1" ind2="0">
            <marc:subfield code="a">Green River Basin</marc:subfield>
            <marc:subfield code="h">[map].</marc:subfield>
        </marc:datafield>
        <marc:datafield tag="255" ind1=" " ind2=" ">
            <marc:subfield code="a">Scale [1:253,440]. 4 miles to 1 in.</marc:subfield>
            <marc:subfield code="c">(W 110⁰44ʹ--W 107⁰34ʹ/N 41⁰50ʹ--N 40⁰17ʹ).</marc:subfield>
        </marc:datafield>
        <marc:datafield tag="260" ind1=" " ind2=" ">
            <marc:subfield code="a">[Washington, D.C. :</marc:subfield>
            <marc:subfield code="b">U.S.G.P.O.,</marc:subfield>
            <marc:subfield code="c">1876]</marc:subfield>
        </marc:datafield>
        <marc:datafield tag="300" ind1=" " ind2=" ">
            <marc:subfield code="a">1 map :</marc:subfield>
            <marc:subfield code="b">dissected in 4 pieces, mounted on linen ;</marc:subfield>
            <marc:subfield code="c">68 x 105 cm.</marc:subfield>
        </marc:datafield>
        <marc:datafield tag="500" ind1=" " ind2=" ">
            <marc:subfield code="a">Relief shown by shading and spot heights.</marc:subfield>
        </marc:datafield>
        <marc:datafield tag="500" ind1=" " ind2=" ">
            <marc:subfield code="a">"Map II, west half; map II, east half."</marc:subfield>
        </marc:datafield>
        <marc:datafield tag="500" ind1=" " ind2=" ">
            <marc:subfield code="a">"Topographical field and office work was executed, under the direction of Geologist-in-charge [S.F. Emmons and Arnold Hague], by Jas. T. Gardner, Asst. in charge of geodesy, A.D. Wilson, F.A. Clark and H. Custer, topographers; hill drawing by F. von Leicht ... -- Legend [part of preface to atlas].</marc:subfield>
        </marc:datafield>
        <marc:datafield tag="651" ind1=" " ind2="0">
            <marc:subfield code="a">Colorado</marc:subfield>
            <marc:subfield code="v">Maps, Physical.</marc:subfield>
        </marc:datafield>
        <marc:datafield tag="651" ind1=" " ind2="0">
            <marc:subfield code="a">Green River Watershed (Wyo.-Utah)</marc:subfield>
            <marc:subfield code="v">Maps, Physical.</marc:subfield>
        </marc:datafield>
        <marc:datafield tag="651" ind1=" " ind2="0">
            <marc:subfield code="a">Utah</marc:subfield>
            <marc:subfield code="v">Maps, Physical.</marc:subfield>
        </marc:datafield>
        <marc:datafield tag="651" ind1=" " ind2="0">
            <marc:subfield code="a">Wyoming</marc:subfield>
            <marc:subfield code="v">Maps, Physical.</marc:subfield>
        </marc:datafield>
        <marc:datafield tag="655" ind1=" " ind2="7">
            <marc:subfield code="a">Maps</marc:subfield>
            <marc:subfield code="z">Colorado</marc:subfield>
            <marc:subfield code="y">1876.</marc:subfield>
            <marc:subfield code="2">aat</marc:subfield>
        </marc:datafield>
        <marc:datafield tag="655" ind1=" " ind2="7">
            <marc:subfield code="a">Maps</marc:subfield>
            <marc:subfield code="z">Green River Watershed (Wyo.-Utah)</marc:subfield>
            <marc:subfield code="y">1876.</marc:subfield>
            <marc:subfield code="2">aat</marc:subfield>
        </marc:datafield>
        <marc:datafield tag="655" ind1=" " ind2="7">
            <marc:subfield code="a">Maps</marc:subfield>
            <marc:subfield code="z">Utah</marc:subfield>
            <marc:subfield code="y">1876.</marc:subfield>
            <marc:subfield code="2">aat</marc:subfield>
        </marc:datafield>
        <marc:datafield tag="655" ind1=" " ind2="7">
            <marc:subfield code="a">Maps</marc:subfield>
            <marc:subfield code="z">Wyoming</marc:subfield>
            <marc:subfield code="y">1876.</marc:subfield>
            <marc:subfield code="2">aat</marc:subfield>
        </marc:datafield>
        <marc:datafield tag="700" ind1="1" ind2=" ">
            <marc:subfield code="a">King, Clarence,</marc:subfield>
            <marc:subfield code="d">1842-1901.</marc:subfield>
        </marc:datafield>
        <marc:datafield tag="700" ind1="1" ind2=" ">
            <marc:subfield code="a">Emmons, Samuel Franklin,</marc:subfield>
            <marc:subfield code="d">1841-1911.</marc:subfield>
        </marc:datafield>
        <marc:datafield tag="700" ind1="1" ind2=" ">
            <marc:subfield code="a">Hague, A.</marc:subfield>
            <marc:subfield code="q">(Arnold),</marc:subfield>
            <marc:subfield code="d">1840-1917.</marc:subfield>
        </marc:datafield>
        <marc:datafield tag="710" ind1="1" ind2=" ">
            <marc:subfield code="a">United States.</marc:subfield>
            <marc:subfield code="b">Army.</marc:subfield>
            <marc:subfield code="b">Corps of Engineers.</marc:subfield>
        </marc:datafield>
        <marc:datafield tag="773" ind1="0" ind2=" ">
            <marc:subfield code="a">United States. Geological Exploration of the Fortieth Parallel.</marc:subfield>
            <marc:subfield code="t">Geological and topographical atlas accompanying the report of the Geological Exploration of the Fortieth Parallel.</marc:subfield>
            <marc:subfield code="d">[Washington, D.C. : U.S.G.P.O.], 1876.</marc:subfield>
            <marc:subfield code="g">[Geological series] map II.</marc:subfield>
            <marc:subfield code="w">(OCoLC)48433756</marc:subfield>
        </marc:datafield>
        <marc:datafield tag="856" ind1="4" ind2="1">
            <marc:subfield code="z">See the map</marc:subfield>
            <marc:subfield code="u">http://gisserver.princeton.edu/map/23757</marc:subfield>
        </marc:datafield>
        <marc:datafield tag="904" ind1=" " ind2=" ">
            <marc:subfield code="a">gls</marc:subfield>
            <marc:subfield code="b">g</marc:subfield>
            <marc:subfield code="h">n</marc:subfield>
            <marc:subfield code="c">p</marc:subfield>
            <marc:subfield code="e">20090709</marc:subfield>
        </marc:datafield>
        <marc:datafield tag="902" ind1=" " ind2=" ">
            <marc:subfield code="a">gls</marc:subfield>
            <marc:subfield code="b">o</marc:subfield>
            <marc:subfield code="6">e</marc:subfield>
            <marc:subfield code="7">a</marc:subfield>
            <marc:subfield code="d">v</marc:subfield>
            <marc:subfield code="f">1</marc:subfield>
            <marc:subfield code="e">20090709</marc:subfield>
        </marc:datafield>
    </marc:record>
    <marc:record type="Holdings">
        <marc:leader>00172nx  a22000851  4500</marc:leader>
        <marc:controlfield tag="001">5919816</marc:controlfield>
        <marc:controlfield tag="004">5838787</marc:controlfield>
        <marc:controlfield tag="005">20090709140908.0</marc:controlfield>
        <marc:controlfield tag="008">0907094u    8   1001uu   0901128</marc:controlfield>
        <marc:datafield tag="852" ind1="8" ind2=" ">
            <marc:subfield code="b">map</marc:subfield>
            <marc:subfield code="h">HMC01.1155</marc:subfield>
        </marc:datafield>
    </marc:record>
    <marc:record type="Holdings">
        <marc:leader>00182nx  a22000854  4500</marc:leader>
        <marc:controlfield tag="001">7316593</marc:controlfield>
        <marc:controlfield tag="004">5838787</marc:controlfield>
        <marc:controlfield tag="005">20130513153459.0</marc:controlfield>
        <marc:controlfield tag="008">1305134u    8   1001uu   0901128</marc:controlfield>
        <marc:datafield tag="852" ind1="8" ind2=" ">
            <marc:subfield code="b">elf1</marc:subfield>
            <marc:subfield code="h">Electronic Resource</marc:subfield>
        </marc:datafield>
    </marc:record>
</marc:collection>
